<?xml version="1.0" encoding="UTF-8"?><collection xmlns="http://www.loc.gov/MARC21/slim"><record><leader>00391nam--2200121-i-4500</leader><controlfield tag="001">000032144</controlfield><controlfield tag="002">20161230</controlfield><controlfield tag="005">20161230201039</controlfield><controlfield tag="008">060222s1000------------r-----000-0-eng-d</controlfield><datafield ind1=" " ind2=" " tag="080"><subfield code="a">669.788:546.11:621.039.54</subfield></datafield><datafield ind1=" " ind2=" " tag="245"><subfield code="a">Metal hydrides.editors and major contributors william m.mueller, james p.blackledge, george g.lobowitz</subfield></datafield><datafield ind1=" " ind2=" " tag="260"><subfield code="a">New York, Academic Press, 1978. Xii + 791p</subfield></datafield><datafield ind1=" " ind2=" " tag="852"><subfield code="a">33073</subfield></datafield></record></collection>